<?xml version="1.0" encoding="UTF-8"?><collection xmlns="http://www.loc.gov/MARC21/slim"><record><leader>00391nam--2200133-i-4500</leader><controlfield tag="001">000033119</controlfield><controlfield tag="002">20161230</controlfield><controlfield tag="005">20161230201039</controlfield><controlfield tag="008">060222s1000------------r-----000-0-eng-d</controlfield><datafield ind1=" " ind2=" " tag="080"><subfield code="a">621.317.7</subfield></datafield><datafield ind1=" " ind2=" " tag="100"><subfield code="a">Moffat, Donald W./S.A.</subfield></datafield><datafield ind1=" " ind2=" " tag="245"><subfield code="a">Measurements and calibration for electromagnetic compatibility analysis</subfield></datafield><datafield ind1=" " ind2=" " tag="260"><subfield code="a">New York, Instrument Societay Of America, 1966, 7p</subfield></datafield><datafield ind1=" " ind2=" " tag="852"><subfield code="a">24308</subfield></datafield></record></collection>